<record><leader>00000cas a22000007a 4500</leader><controlfield tag="001">14252842</controlfield><controlfield tag="008">860923d18461858pauwr ne      0    0eng  </controlfield><datafield ind1=" " ind2=" " tag="010"><subfield code="a">sn 86071937 </subfield></datafield><datafield ind1=" " ind2=" " tag="040"><subfield code="a">DLC</subfield><subfield code="b">eng</subfield><subfield code="c">DLC</subfield><subfield code="d">NPX</subfield><subfield code="d">NPH</subfield><subfield code="d">PPM</subfield><subfield code="d">NPH</subfield><subfield code="d">YOX</subfield><subfield code="d">MGN</subfield><subfield code="d">FUG</subfield><subfield code="d">OCL</subfield><subfield code="d">OCLCQ</subfield><subfield code="d">DLC</subfield><subfield code="d">KRTAS</subfield><subfield code="d">DLC</subfield><subfield code="d">OCLCQ</subfield><subfield code="d">OCLCF</subfield><subfield code="d">AQM</subfield></datafield><datafield ind1="1" ind2=" " tag="029"><subfield code="a">AU@</subfield><subfield code="b">000020128211</subfield></datafield><datafield ind1=" " ind2=" " tag="042"><subfield code="a">msc</subfield></datafield><datafield ind1=" " ind2=" " tag="043"><subfield code="a">n-us-pa</subfield></datafield><datafield ind1="0" ind2="0" tag="050"><subfield code="a">Newspaper 9476</subfield></datafield><datafield ind1="0" ind2=" " tag="130"><subfield code="a">Norristown register (Norristown, Pa. : 1846)</subfield></datafield><datafield ind1="1" ind2="0" tag="245"><subfield code="a">Norristown register.</subfield></datafield><datafield ind1="1" ind2="3" tag="246"><subfield code="a">Register &amp; Democrat</subfield></datafield><datafield ind1="1" ind2="7" tag="246"><subfield code="a">Register and Democrat</subfield></datafield><datafield ind1=" " ind2=" " tag="260"><subfield code="a">Norristown, Pa. :</subfield><subfield code="b">S.D. Patterson,</subfield><subfield code="c">-1858.</subfield></datafield><datafield ind1=" " ind2=" " tag="300"><subfield code="a">v. ;</subfield><subfield code="c">57 cm.</subfield></datafield><datafield ind1=" " ind2=" " tag="310"><subfield code="a">Weekly</subfield></datafield><datafield ind1="1" ind2=" " tag="362"><subfield code="a">Began in 1846.</subfield></datafield><datafield ind1="0" ind2=" " tag="362"><subfield code="a">-v. 58, no. 6 (Oct. 12, 1858).</subfield></datafield><datafield ind1=" " ind2=" " tag="500"><subfield code="a">Publishers: Samuel D. Patterson, &lt;1846&gt;; William Slemmer, &lt;1852&gt;; Henry L. Acker, &lt;1856&gt;; Ephraim L. Acker, &lt;1858&gt;.</subfield></datafield><datafield ind1=" " ind2=" " tag="500"><subfield code="a">Editor: Ephraim L. Acker, &lt;1856&gt;-1858.</subfield></datafield><datafield ind1=" " ind2=" " tag="500"><subfield code="a">Proprietor: John B. Sterigere, &lt;1852&gt;.</subfield></datafield><datafield ind1=" " ind2=" " tag="500"><subfield code="a">Democratic.</subfield></datafield><datafield ind1=" " ind2=" " tag="588"><subfield code="a">Description based on: Vol. 45, no. 42 (June 3, 1846).</subfield></datafield><datafield ind1=" " ind2="0" tag="651"><subfield code="a">Norristown (Pa.)</subfield><subfield code="v">Newspapers.</subfield></datafield><datafield ind1=" " ind2="7" tag="651"><subfield code="a">Pennsylvania</subfield><subfield code="z">Norristown.</subfield><subfield code="2">fast</subfield><subfield code="0">(OCoLC)fst01203039</subfield></datafield><datafield ind1=" " ind2="7" tag="655"><subfield code="a">Newspapers.</subfield><subfield code="2">fast</subfield><subfield code="0">(OCoLC)fst01423814</subfield></datafield><datafield ind1=" " ind2="7" tag="655"><subfield code="a">Newspapers.</subfield><subfield code="2">rbgenr</subfield></datafield><datafield ind1=" " ind2=" " tag="752"><subfield code="a">United States</subfield><subfield code="b">Pennsylvania</subfield><subfield code="c">Montgomery</subfield><subfield code="d">Norristown.</subfield></datafield><datafield ind1="0" ind2="0" tag="780"><subfield code="t">Norristown register and Montgomery Democrat</subfield><subfield code="w">(DLC)sn 85055045</subfield></datafield><datafield ind1="0" ind2="7" tag="785"><subfield code="t">Montgomery watchman</subfield><subfield code="w">(DLC)sn 88079263</subfield></datafield><datafield ind1="0" ind2="7" tag="785"><subfield code="t">Norristown register and Montgomery Democrat and watchman</subfield><subfield code="w">(DLC)sn 86053798</subfield></datafield><datafield ind1=" " ind2=" " tag="938"><subfield code="a">Kirtas Technologies, Inc.</subfield><subfield code="b">KRTS</subfield><subfield code="n">739718</subfield></datafield></record>